<?xml version="1.0" encoding="UTF-8"?><collection><record><leader>06199ntm a2200589 a 4500</leader><controlfield tag="001">006814132</controlfield><controlfield tag="003">MiAaHDL</controlfield><controlfield tag="005">20190719000000.0</controlfield><controlfield tag="006">m        d        </controlfield><controlfield tag="007">cr bn ---auaua</controlfield><controlfield tag="008">090608q15001520xx            00| ||per d</controlfield><datafield tag="035" ind1=" " ind2=" "><subfield code="a">(MiU)006814132</subfield></datafield><datafield tag="035" ind1=" " ind2=" "><subfield code="a">sdr-miu006814132</subfield></datafield><datafield tag="040" ind1=" " ind2=" "><subfield code="a">MiU</subfield><subfield code="c">MiU</subfield><subfield code="e">amremm</subfield></datafield><datafield tag="043" ind1=" " ind2=" "><subfield code="a">n-us-mi</subfield></datafield><datafield tag="100" ind1="0" ind2=" "><subfield code="6">880-01</subfield><subfield code="a">Jāmī,</subfield><subfield code="d">1414-1492.</subfield></datafield><datafield tag="240" ind1="1" ind2="0"><subfield code="6">880-02</subfield><subfield code="a">Poems</subfield></datafield><datafield tag="245" ind1="1" ind2="0"><subfield code="6">880-03</subfield><subfield code="a">Kullīyāt-i Mullā Jāmī,</subfield><subfield code="f">[early 16th century?].</subfield></datafield><datafield tag="246" ind1="3" ind2=" "><subfield code="a">قصايد وغزليات افصح فضلا وافضل فصحى جامع فنون كلامى مولانا عبد الرحمن جامى</subfield></datafield><datafield tag="246" ind1="3" ind2=" "><subfield code="a">كليات ملا جامى</subfield></datafield><datafield tag="246" ind1="3" ind2="0"><subfield code="a">Dīvān-i Jāmī</subfield></datafield><datafield tag="246" ind1="3" ind2=" "><subfield code="6">880-04</subfield><subfield code="i">Title from exquisite double-page illumination at opening:</subfield><subfield code="a">قصاید و غزلیات افصح فضلا و افضل فصحی جامع فنون كلامی مولانا عبد الرحمن جامی</subfield></datafield><datafield tag="260" ind1=" " ind2=" "><subfield code="c">[1500-1520?].</subfield></datafield><datafield tag="300" ind1=" " ind2=" "><subfield code="a">380 leaves :</subfield><subfield code="b">paper ;</subfield><subfield code="c">222 x 163 (122 x 81) mm.</subfield></datafield><datafield tag="500" ind1=" " ind2=" "><subfield code="a">Shelfmark: Ann Arbor, University of Michigan, Special Collections Library, Isl. Ms. 324</subfield></datafield><datafield tag="500" ind1=" " ind2=" "><subfield code="a">Origin: Lacks dated colophon ; paper, decoration, etc. may suggest early 16th century (binding much later).</subfield></datafield><datafield tag="500" ind1=" " ind2=" "><subfield code="a">Former shelfmark: "130" inscribed in pencil on verso of front flyleaf and on 'title page' (p.1).</subfield></datafield><datafield tag="500" ind1=" " ind2=" "><subfield code="a">Binding: Pasteboards covered in red leather ; Type II binding (with flap), two-piece binding, overlapping flanges visible at spine ; pastedowns and flyleaves in marbled paper (mainly in yellow, blue, lavender, orange, etc.) on European laid paper ; upper and lower covers carry central rectangular panel defined by gold fillets with tooled rosette accents and guilloché roll border (flanked by gold fillets) in gold ; sewn in dark pink thread, four stations ; worked chevron endbands in pink and yellow, fairly good condition ; overall in fairly good condition with minor abrasion, staining, lifting of spine leather, etc.</subfield></datafield><datafield tag="500" ind1=" " ind2=" "><subfield code="a">Support: non-European (likely Persian or Indian) laid paper with 6-7 laid lines per cm. (vertical, curved and somewhat indistinct) and no chain lines plainly visible, dark cream in color, sturdy and quite well-burnished ; some breakthrough at frames (a few repaired).</subfield></datafield><datafield tag="500" ind1=" " ind2=" "><subfield code="a">Decoration: Exquisite double-page illumination at opening on fol.1b-2a consists of large rectangular panels each divided to central rectangular panel carrying opening text set off by cloud-bands (in gold with floral accents) and upper and lower rectangular panels with gold cartouches carrying the title and author ("قصايد و غزليات افصح فضلا و افضل فصحى جامع فنون كلامي مولانا عبد الرحمن جامى") in white flanked by pendants and surrounded by elegant swirling arabesque with floral accents in gold, red, black, light blue, lavender, yellow, etc. on fields of gold and lapis lazuli evoking book cover design, entire rectangular panel surrounded by elaborate scalloped border (marginal decoration) evoking a series of scalloped domes and rosettes accented with perpendicular stalks [tīgh] at the spandrels and apices of the scallops and filled with continuation of the vegetal and chī cloud design on fields of gold and lapis lazuli ; further elegant illuminated headpieces at the openings of the قصايد (fol.70b) and غزليات (fol.73b) ; written area throughout gold-flecked and surrounded by frame consisting of a series of red, turquoise, gold, 'white' (blind outline in black fillets), and blue fillets ; keywords and headings in white ; bands of interlace or floral vegetal decoration on a filed of gold accent the written area of many pages.</subfield></datafield><datafield tag="500" ind1=" " ind2=" "><subfield code="a">Script: Nastaʻlīq ; compact, elegant hand ; serifless, with effect of words descending to baseline, closed counters, and elongated horizontal strokes.</subfield></datafield><datafield tag="500" ind1=" " ind2=" "><subfield code="a">Layout: Written in 14 lines per page, often divided to two columns ; frame-ruled (impression of ruling board evident).</subfield></datafield><datafield tag="500" ind1=" " ind2=" "><subfield code="a">Collation: i, IV-1 (7), 2 IV(23), III (29), 34 IV(301), III (307), 8 IV(371), IV+1 (380), i ; Chiefly quaternions ; catchwords present (occasionally lacking) ; pagination in pencil, Western numerals, supplied during digitization.</subfield></datafield><datafield tag="500" ind1=" " ind2=" "><subfield code="a">Explicit: "چه خوش باشد که در کاشانه غم دو همدم درد دل گویند با هم"</subfield></datafield><datafield tag="500" ind1=" " ind2=" "><subfield code="a">Incipit: "بسم الله الرحمن الرحیم هست صلای سر خوان کریم ..."</subfield></datafield><datafield tag="500" ind1=" " ind2=" "><subfield code="a">Title from inscription on 'title page' (fol.1a).</subfield></datafield><datafield tag="500" ind1=" " ind2=" "><subfield code="a">Ms. codex.</subfield></datafield><datafield tag="510" ind1="4" ind2=" "><subfield code="a">Cat. Pers. MSS. Brit. Mus.,</subfield><subfield code="c">p. 643 f.</subfield></datafield><datafield tag="520" ind1="8" ind2=" "><subfield code="a">Splendid copy of the collected poetic works (prose works are not included despite use of term "kullīyāt" in 'title page' inscription) of Mawlānā Nūr al-Dīn ʻAbd al-Raḥmān Jāmī (d.1492). Opens with the opening of one of his seven mas̲navīs, Tuḥfat al-aḥrār (contribution to the cataloguing from H. Mottaghi and İ. E. Binbaş).</subfield></datafield><datafield tag="538" ind1=" " ind2=" "><subfield code="a">Mode of access: Internet.</subfield></datafield><datafield tag="541" ind1=" " ind2=" "><subfield code="c">Purchase ;</subfield><subfield code="a">Acquired by purchase (funds donated by Horace Rackham).</subfield><subfield code="d">1924.</subfield></datafield><datafield tag="546" ind1=" " ind2=" "><subfield code="a">Persian.</subfield></datafield><datafield tag="561" ind1=" " ind2=" "><subfield code="a">Inscription in pencil on verso of front flyleaf and on 'title page' (fol.1a) "130" ; effaced statements on 'title page' (p.1) ; ownership statement (partially obscured by repair) accompanied by oval seal impression, statement reads "من تملكات ... الطوسى [?]" ; fairly clean copy.</subfield></datafield><datafield tag="650" ind1=" " ind2="0"><subfield code="a">Manuscripts, Persian</subfield><subfield code="z">Michigan</subfield><subfield code="z">Ann Arbor.</subfield></datafield><datafield tag="650" ind1=" " ind2="0"><subfield code="a">Persian poetry</subfield><subfield code="y">747-1500.</subfield></datafield><datafield tag="655" ind1=" " ind2="7"><subfield code="a">Headpieces (layout features)</subfield><subfield code="y">16th century.</subfield><subfield code="2">aat</subfield></datafield><datafield tag="700" ind1="0" ind2=" "><subfield code="a">Abdülhamid</subfield><subfield code="b">II,</subfield><subfield code="c">Sultan of the Turks,</subfield><subfield code="d">1842-1918,</subfield><subfield code="e">former owner.</subfield></datafield><datafield tag="773" ind1="0" ind2=" "><subfield code="a">Abdul Hamid Collection.</subfield></datafield><datafield tag="880" ind1="3" ind2=" "><subfield code="6">246-04/</subfield><subfield code="a">Qaṣāʼid va ghazalīyāt-i afṣaḥ-i fuz̤alā va afz̤al-i fuṣaḥā jāmiʻ-i funūn-i kalāmī-yi Mawlānā ʻAbd al-Raḥmān Jāmī</subfield></datafield><datafield tag="880" ind1="1" ind2="0"><subfield code="6">245-03/</subfield><subfield code="a">كلیات ملا جامی,</subfield><subfield code="f">[آغاز قرن 16م؟].</subfield></datafield><datafield tag="880" ind1="1" ind2="0"><subfield code="6">240-02/</subfield><subfield code="a">ديوان</subfield></datafield><datafield tag="880" ind1="0" ind2=" "><subfield code="6">100-01/</subfield><subfield code="a">جامى.</subfield></datafield><datafield tag="CID" ind1=" " ind2=" "><subfield code="a">006814132</subfield></datafield><datafield tag="DAT" ind1="0" ind2=" "><subfield code="a">20190719102638.0</subfield><subfield code="b">20190719000000.0</subfield></datafield><datafield tag="DAT" ind1="1" ind2=" "><subfield code="a">20190719090653.0</subfield><subfield code="b">2019-07-19T16:11:53Z</subfield></datafield><datafield tag="DAT" ind1="2" ind2=" "><subfield code="a">2015-10-02T18:00:03Z</subfield></datafield><datafield tag="CAT" ind1=" " ind2=" "><subfield code="a">SDR-MIU</subfield><subfield code="d">EX LIBRIS - ALEPH</subfield><subfield code="l">prepare.pl-004-008</subfield></datafield><datafield tag="FMT" ind1=" " ind2=" "><subfield code="a">BK</subfield></datafield><datafield tag="HOL" ind1=" " ind2=" "><subfield code="0">sdr-miu006814132</subfield><subfield code="a">MiU</subfield><subfield code="b">SDR</subfield><subfield code="c">MIU</subfield><subfield code="p">mdp.39015079128883</subfield><subfield code="s">MIU</subfield><subfield code="1">006814132</subfield></datafield><datafield tag="974" ind1=" " ind2=" "><subfield code="b">MIU</subfield><subfield code="c">MIU</subfield><subfield code="d">20190719</subfield><subfield code="s">lit-dlps-dc</subfield><subfield code="u">mdp.39015079128883</subfield><subfield code="y">1520</subfield><subfield code="r">pd</subfield><subfield code="q">bib</subfield><subfield code="t">non-US bib date2 &lt; 1896</subfield></datafield></record></collection>